<?xml version="1.0" encoding="UTF-8"?><collection xmlns="http://www.loc.gov/MARC21/slim"><record><leader>00461nam--2200145-i-4500</leader><controlfield tag="001">000045500</controlfield><controlfield tag="002">20161230</controlfield><controlfield tag="005">20161230201045</controlfield><controlfield tag="008">060222s1000------------r-----000-0-eng-d</controlfield><datafield ind1=" " ind2=" " tag="080"><subfield code="a">517.982.43:517.937</subfield></datafield><datafield ind1="1" ind2=" " tag="100"><subfield code="a">Treves,Francois</subfield></datafield><datafield ind1=" " ind2=" " tag="245"><subfield code="a">Introduction to pseudodifferential and fourier integral operators. vol.1:pseudodifferential operators</subfield></datafield><datafield ind1=" " ind2=" " tag="260"><subfield code="a">New York, Plenum Press, 1980. Xxxix + 299 P</subfield></datafield><datafield ind1=" " ind2=" " tag="852"><subfield code="a">49343</subfield><subfield code="c">517.9</subfield></datafield><datafield ind1=" " ind2=" " tag="CAT"><subfield code="a">Sys</subfield><subfield code="c">20090323</subfield><subfield code="h">140030</subfield></datafield></record></collection>